<record><leader>00000cas a2200000 a 4500</leader><controlfield tag="001">59669239</controlfield><controlfield tag="008">050426d19121913iluwr ne      0   a0eng c</controlfield><datafield ind1=" " ind2=" " tag="010"><subfield code="a">sn2005061823</subfield></datafield><datafield ind1=" " ind2=" " tag="040"><subfield code="a">NVF</subfield><subfield code="b">eng</subfield><subfield code="c">NVF</subfield><subfield code="d">NVF</subfield><subfield code="d">OCLCQ</subfield><subfield code="d">OCLCF</subfield><subfield code="d">OCLCO</subfield><subfield code="d">NVF</subfield></datafield><datafield ind1=" " ind2=" " tag="042"><subfield code="a">pcc</subfield></datafield><datafield ind1=" " ind2=" " tag="043"><subfield code="a">n-us-il</subfield></datafield><datafield ind1="0" ind2="4" tag="245"><subfield code="a">The Glen Ellyian.</subfield></datafield><datafield ind1=" " ind2=" " tag="260"><subfield code="a">Glen Ellyn, Ill. :</subfield><subfield code="b">Hungerford Co.</subfield></datafield><datafield ind1="3" ind2=" " tag="260"><subfield code="3">&lt;Nov. 2, 1912&gt;-Jan. [18], 1913</subfield><subfield code="a">Glen Ellyn, Ill. :</subfield><subfield code="b">O.G. Christgau</subfield></datafield><datafield ind1=" " ind2=" " tag="300"><subfield code="a">v.</subfield></datafield><datafield ind1=" " ind2=" " tag="310"><subfield code="a">Weekly</subfield></datafield><datafield ind1="1" ind2=" " tag="362"><subfield code="a">Began in 1912?</subfield></datafield><datafield ind1="0" ind2=" " tag="362"><subfield code="a">-v. 1, no. 18 (Jan. [18], 1913).</subfield></datafield><datafield ind1=" " ind2=" " tag="588"><subfield code="a">Description based on: Volume 1, number 4 (Sept. 20, 1912).</subfield></datafield><datafield ind1=" " ind2="0" tag="651"><subfield code="a">Glen Ellyn (Ill.)</subfield><subfield code="v">Newspapers.</subfield></datafield><datafield ind1=" " ind2="7" tag="651"><subfield code="a">Illinois</subfield><subfield code="z">Glen Ellyn.</subfield><subfield code="2">fast</subfield><subfield code="0">(OCoLC)fst01214706</subfield></datafield><datafield ind1=" " ind2="7" tag="655"><subfield code="a">Newspapers.</subfield><subfield code="2">fast</subfield><subfield code="0">(OCoLC)fst01423814</subfield></datafield><datafield ind1=" " ind2=" " tag="752"><subfield code="a">United States</subfield><subfield code="b">Illinois</subfield><subfield code="c">DuPage</subfield><subfield code="d">Glen Ellyn.</subfield></datafield><datafield ind1="0" ind2="0" tag="785"><subfield code="t">Glen Ellyan</subfield><subfield code="w">(DLC)sn2002060762</subfield><subfield code="w">(OCoLC)50657183</subfield></datafield><datafield ind1="1" ind2=" " tag="029"><subfield code="a">AU@</subfield><subfield code="b">000027048908</subfield></datafield></record>